<?xml version="1.0" encoding="UTF-8"?>
<OAI-PMH xmlns="http://www.openarchives.org/OAI/2.0/" xmlns:xsi="http://www.w3.org/2001/XMLSchema-instance" xsi:schemaLocation="http://www.openarchives.org/OAI/2.0/ http://www.openarchives.org/OAI/2.0/OAI-PMH.xsd">
  <ListRecords>
    <record>
      <header>
        <identifier>aleph-publish:000858612</identifier>
      </header>
      <metadata>
        <record xmlns="http://www.ddb.de/professionell/mabxml/mabxml-1.xsd">
          <leader>00637pM2.01200024------h</leader>
          <controlfield tag="LDR">00637pM2.01200024------h</controlfield>
          <controlfield tag="FMT">MH</controlfield>
          <datafield tag="001" ind1="-" ind2="1">
            <subfield code="a">HT013424726</subfield>
          </datafield>
          <datafield tag="002" ind1="b" ind2="1">
            <subfield code="a">20020815</subfield>
          </datafield>
          <datafield tag="003" ind1="-" ind2="1">
            <subfield code="a">20160122</subfield>
          </datafield>
          <datafield tag="004" ind1="-" ind2="1">
            <subfield code="a">20020618</subfield>
          </datafield>
          <datafield tag="020" ind1="a" ind2="1">
            <subfield code="a">964584786</subfield>
            <subfield code="b">292</subfield>
          </datafield>
          <datafield tag="026" ind1="-" ind2="1">
            <subfield code="a">HBZHT013424726</subfield>
          </datafield>
          <controlfield tag="030">a|1uaz|z|||37</controlfield>
          <datafield tag="036" ind1="a" ind2="1">
            <subfield code="a">DE</subfield>
          </datafield>
          <datafield tag="037" ind1="b" ind2="1">
            <subfield code="a">ger</subfield>
          </datafield>
          <controlfield tag="050">a|a|||||||||||</controlfield>
          <controlfield tag="051">m|||z|||</controlfield>
          <datafield tag="070" ind1="-" ind2="1">
            <subfield code="a">466</subfield>
          </datafield>
          <datafield tag="070" ind1="a" ind2="1">
            <subfield code="a">292</subfield>
          </datafield>
          <datafield tag="070" ind1="b" ind2="1">
            <subfield code="a">466</subfield>
          </datafield>
          <datafield tag="080" ind1="-" ind2="1">
            <subfield code="a">60</subfield>
          </datafield>
          <datafield tag="100" ind1="b" ind2="1">
            <subfield code="p">Quetz, Jürgen</subfield>
            <subfield code="9">(DE-588)177114304</subfield>
            <subfield code="b">[Hrsg.]</subfield>
          </datafield>
          <datafield tag="200" ind1="b" ind2="1">
            <subfield code="k">Deutsches Institut für Erwachsenenbildung</subfield>
            <subfield code="9">(DE-588)16176906-8</subfield>
          </datafield>
          <datafield tag="331" ind1="-" ind2="1">
            <subfield code="a">Neue Sprachen lehren und lernen</subfield>
          </datafield>
          <datafield tag="335" ind1="-" ind2="1">
            <subfield code="a">Fremdsprachenunterricht in der Weiterbildung</subfield>
          </datafield>
          <datafield tag="359" ind1="-" ind2="1">
            <subfield code="a">DIE. Jürgen Quetz ... (Hrsg.)</subfield>
          </datafield>
          <datafield tag="410" ind1="-" ind2="1">
            <subfield code="a">Bielefeld</subfield>
          </datafield>
          <datafield tag="412" ind1="-" ind2="1">
            <subfield code="a">Wbv</subfield>
          </datafield>
          <datafield tag="425" ind1="a" ind2="1">
            <subfield code="a">2002</subfield>
          </datafield>
          <datafield tag="433" ind1="-" ind2="1">
            <subfield code="a">235 S. : Ill., graph. Darst.</subfield>
          </datafield>
          <datafield tag="451" ind1="-" ind2="1">
            <subfield code="a">Perspektive Praxis</subfield>
          </datafield>
          <datafield tag="540" ind1="a" ind2="1">
            <subfield code="a">3-7639-1842-6</subfield>
            <subfield code="b">kart. : EUR 18.90 (freier Pr.)</subfield>
          </datafield>
          <datafield tag="574" ind1="-" ind2="1">
            <subfield code="a">02,N27,0332</subfield>
          </datafield>
          <datafield tag="655" ind1="e" ind2="1">
            <subfield code="u">http://www.die-bonn.de/id/457</subfield>
            <subfield code="z">kostenfrei</subfield>
            <subfield code="A">2</subfield>
          </datafield>
          <datafield tag="700" ind1="l" ind2="1">
            <subfield code="a">120</subfield>
          </datafield>
          <datafield tag="700" ind1="l" ind2="1">
            <subfield code="a">150</subfield>
          </datafield>
          <datafield tag="902" ind1="-" ind2="1">
            <subfield code="s">Fremdsprachenunterricht</subfield>
            <subfield code="9">(DE-588)4018428-6</subfield>
          </datafield>
          <datafield tag="902" ind1="-" ind2="1">
            <subfield code="s">Weiterbildung</subfield>
            <subfield code="9">(DE-588)4117622-4</subfield>
          </datafield>
          <datafield tag="903" ind1="-" ind2="1">
            <subfield code="a">21</subfield>
          </datafield>
          <datafield tag="907" ind1="-" ind2="1">
            <subfield code="s">Fremdsprachenlernen</subfield>
            <subfield code="9">(DE-588)4071461-5</subfield>
          </datafield>
          <datafield tag="907" ind1="-" ind2="1">
            <subfield code="s">Weiterbildung</subfield>
            <subfield code="9">(DE-588)4117622-4</subfield>
          </datafield>
          <datafield tag="908" ind1="-" ind2="1">
            <subfield code="a">21</subfield>
          </datafield>
          <controlfield tag="SYS">000858612</controlfield>
          <datafield tag="PKO" ind1="-" ind2="1">
            <subfield code="k">Deutsches Institut für Erwachsenenbildung e.V.</subfield>
            <subfield code="9">(DE-588)16176906-8</subfield>
          </datafield>
          <datafield tag="PKO" ind1="-" ind2="1">
            <subfield code="k">Institut für Erwachsenenbildung</subfield>
            <subfield code="h">Deutschland</subfield>
            <subfield code="9">(DE-588)16176906-8</subfield>
          </datafield>
          <datafield tag="PKO" ind1="-" ind2="1">
            <subfield code="k">&lt;&lt;Das&gt;&gt; Deutsche Institut für Erwachsenenbildung</subfield>
            <subfield code="9">(DE-588)16176906-8</subfield>
          </datafield>
          <datafield tag="PKO" ind1="-" ind2="1">
            <subfield code="k">German Institute for Adult Education</subfield>
            <subfield code="9">(DE-588)16176906-8</subfield>
          </datafield>
          <datafield tag="PKO" ind1="-" ind2="1">
            <subfield code="k">Institute for Adult Education</subfield>
            <subfield code="h">Deutschland</subfield>
            <subfield code="9">(DE-588)16176906-8</subfield>
          </datafield>
          <datafield tag="PKO" ind1="-" ind2="1">
            <subfield code="k">Wissenschaftsgemeinschaft Gottfried Wilhelm Leibniz</subfield>
            <subfield code="b">Deutsches Institut für Erwachsenenbildung</subfield>
            <subfield code="9">(DE-588)16176906-8</subfield>
          </datafield>
          <datafield tag="PKO" ind1="-" ind2="1">
            <subfield code="k">Wissenschaftsgemeinschaft Gottfried Wilhelm Leibniz</subfield>
            <subfield code="b">German Institute for Adult Education</subfield>
            <subfield code="9">(DE-588)16176906-8</subfield>
          </datafield>
          <datafield tag="PKO" ind1="-" ind2="1">
            <subfield code="k">Wissenschaftsgemeinschaft Gottfried Wilhelm Leibniz</subfield>
            <subfield code="b">Institute for Adult Education</subfield>
            <subfield code="9">(DE-588)16176906-8</subfield>
          </datafield>
          <datafield tag="PKO" ind1="-" ind2="1">
            <subfield code="k">Leibniz-Zentrum für Lebenslanges Lernen</subfield>
            <subfield code="9">(DE-588)16176906-8</subfield>
          </datafield>
          <datafield tag="PKO" ind1="-" ind2="1">
            <subfield code="k">Wissenschaftsgemeinschaft Gottfried Wilhelm Leibniz</subfield>
            <subfield code="b">Leibniz-Zentrum für Lebenslanges Lernen</subfield>
            <subfield code="9">(DE-588)16176906-8</subfield>
          </datafield>
          <datafield tag="PKO" ind1="-" ind2="1">
            <subfield code="k">DIE</subfield>
            <subfield code="9">(DE-588)16176906-8</subfield>
          </datafield>
          <datafield tag="PKO" ind1="-" ind2="1">
            <subfield code="k">Deutsches Institut für Erwachsenenbildung - Leibniz-Zentrum für Lebenslanges Lernen e.V.</subfield>
            <subfield code="9">(DE-588)16176906-8</subfield>
          </datafield>
          <datafield tag="PKO" ind1="-" ind2="1">
            <subfield code="k">Deutsches Institut für Erwachsenenbildung - Leibniz-Zentrum für Lebenslanges Lernen</subfield>
            <subfield code="9">(DE-588)16176906-8</subfield>
          </datafield>
          <datafield tag="PKO" ind1="-" ind2="1">
            <subfield code="k">Wissenschaftsgemeinschaft Gottfried Wilhelm Leibniz</subfield>
            <subfield code="b">&lt;&lt;Das&gt;&gt; Deutsche Institut für Erwachsenenbildung</subfield>
            <subfield code="9">(DE-588)16176906-8</subfield>
          </datafield>
          <datafield tag="PKO" ind1="-" ind2="1">
            <subfield code="k">Deutsches Institut für Erwachsenenbildung e.V.</subfield>
            <subfield code="9">(DE-588)16176906-8</subfield>
          </datafield>
          <datafield tag="PKO" ind1="-" ind2="1">
            <subfield code="k">Institut für Erwachsenenbildung</subfield>
            <subfield code="h">Deutschland</subfield>
            <subfield code="9">(DE-588)16176906-8</subfield>
          </datafield>
          <datafield tag="PKO" ind1="-" ind2="1">
            <subfield code="k">&lt;&lt;Das&gt;&gt; Deutsche Institut für Erwachsenenbildung</subfield>
            <subfield code="9">(DE-588)16176906-8</subfield>
          </datafield>
          <datafield tag="PKO" ind1="-" ind2="1">
            <subfield code="k">German Institute for Adult Education</subfield>
            <subfield code="9">(DE-588)16176906-8</subfield>
          </datafield>
          <datafield tag="PKO" ind1="-" ind2="1">
            <subfield code="k">Institute for Adult Education</subfield>
            <subfield code="h">Deutschland</subfield>
            <subfield code="9">(DE-588)16176906-8</subfield>
          </datafield>
          <datafield tag="PKO" ind1="-" ind2="1">
            <subfield code="k">Wissenschaftsgemeinschaft Gottfried Wilhelm Leibniz</subfield>
            <subfield code="b">Deutsches Institut für Erwachsenenbildung</subfield>
            <subfield code="9">(DE-588)16176906-8</subfield>
          </datafield>
          <datafield tag="PKO" ind1="-" ind2="1">
            <subfield code="k">Wissenschaftsgemeinschaft Gottfried Wilhelm Leibniz</subfield>
            <subfield code="b">German Institute for Adult Education</subfield>
            <subfield code="9">(DE-588)16176906-8</subfield>
          </datafield>
          <datafield tag="PKO" ind1="-" ind2="1">
            <subfield code="k">Wissenschaftsgemeinschaft Gottfried Wilhelm Leibniz</subfield>
            <subfield code="b">Institute for Adult Education</subfield>
            <subfield code="9">(DE-588)16176906-8</subfield>
          </datafield>
          <datafield tag="PKO" ind1="-" ind2="1">
            <subfield code="k">Leibniz-Zentrum für Lebenslanges Lernen</subfield>
            <subfield code="9">(DE-588)16176906-8</subfield>
          </datafield>
          <datafield tag="PKO" ind1="-" ind2="1">
            <subfield code="k">Wissenschaftsgemeinschaft Gottfried Wilhelm Leibniz</subfield>
            <subfield code="b">Leibniz-Zentrum für Lebenslanges Lernen</subfield>
            <subfield code="9">(DE-588)16176906-8</subfield>
          </datafield>
          <datafield tag="PKO" ind1="-" ind2="1">
            <subfield code="k">DIE</subfield>
            <subfield code="9">(DE-588)16176906-8</subfield>
          </datafield>
          <datafield tag="PKO" ind1="-" ind2="1">
            <subfield code="k">Deutsches Institut für Erwachsenenbildung - Leibniz-Zentrum für Lebenslanges Lernen e.V.</subfield>
            <subfield code="9">(DE-588)16176906-8</subfield>
          </datafield>
          <datafield tag="PKO" ind1="-" ind2="1">
            <subfield code="k">Deutsches Institut für Erwachsenenbildung - Leibniz-Zentrum für Lebenslanges Lernen</subfield>
            <subfield code="9">(DE-588)16176906-8</subfield>
          </datafield>
          <datafield tag="PKO" ind1="-" ind2="1">
            <subfield code="k">Wissenschaftsgemeinschaft Gottfried Wilhelm Leibniz</subfield>
            <subfield code="b">&lt;&lt;Das&gt;&gt; Deutsche Institut für Erwachsenenbildung</subfield>
            <subfield code="9">(DE-588)16176906-8</subfield>
          </datafield>
          <datafield tag="PSW" ind1="-" ind2="1">
            <subfield code="s">Fremdsprache</subfield>
            <subfield code="x">Unterricht</subfield>
            <subfield code="9">(DE-588)4018428-6</subfield>
          </datafield>
          <datafield tag="PSW" ind1="-" ind2="1">
            <subfield code="s">Fremdsprachendidaktik</subfield>
            <subfield code="9">(DE-588)4018428-6</subfield>
          </datafield>
          <datafield tag="PSW" ind1="-" ind2="1">
            <subfield code="s">Fremdsprachlicher Unterricht</subfield>
            <subfield code="9">(DE-588)4018428-6</subfield>
          </datafield>
          <datafield tag="PSW" ind1="-" ind2="1">
            <subfield code="s">Fremdsprachenlernen</subfield>
            <subfield code="x">Unterricht</subfield>
            <subfield code="9">(DE-588)4018428-6</subfield>
          </datafield>
          <datafield tag="PSW" ind1="-" ind2="1">
            <subfield code="s">Fremdsprache</subfield>
            <subfield code="x">Sprachenlernen</subfield>
            <subfield code="9">(DE-588)4071461-5</subfield>
          </datafield>
          <datafield tag="PSW" ind1="-" ind2="1">
            <subfield code="s">Spracherwerb</subfield>
            <subfield code="x">Fremdsprache</subfield>
            <subfield code="9">(DE-588)4071461-5</subfield>
          </datafield>
          <datafield tag="PSW" ind1="-" ind2="1">
            <subfield code="s">Spracherwerb</subfield>
            <subfield code="x">Zweitsprache</subfield>
            <subfield code="9">(DE-588)4071461-5</subfield>
          </datafield>
          <datafield tag="PSW" ind1="-" ind2="1">
            <subfield code="s">Fremdsprache</subfield>
            <subfield code="x">Spracherlernung</subfield>
            <subfield code="9">(DE-588)4071461-5</subfield>
          </datafield>
          <datafield tag="PSW" ind1="-" ind2="1">
            <subfield code="s">Gesteuerter Zweitsprachenerwerb</subfield>
            <subfield code="9">(DE-588)4071461-5</subfield>
          </datafield>
          <datafield tag="PSW" ind1="-" ind2="1">
            <subfield code="s">Gesteuerter Fremdsprachenerwerb</subfield>
            <subfield code="9">(DE-588)4071461-5</subfield>
          </datafield>
          <datafield tag="PSW" ind1="-" ind2="1">
            <subfield code="s">Zweitspracherwerb</subfield>
            <subfield code="9">(DE-588)4071461-5</subfield>
          </datafield>
          <datafield tag="PSW" ind1="-" ind2="1">
            <subfield code="s">Fremdsprachenerwerb</subfield>
            <subfield code="9">(DE-588)4071461-5</subfield>
          </datafield>
          <datafield tag="PSW" ind1="-" ind2="1">
            <subfield code="s">Fremdspracherwerb</subfield>
            <subfield code="9">(DE-588)4071461-5</subfield>
          </datafield>
          <datafield tag="PSW" ind1="-" ind2="1">
            <subfield code="s">Sekundärer Spracherwerb</subfield>
            <subfield code="9">(DE-588)4071461-5</subfield>
          </datafield>
          <datafield tag="PSW" ind1="-" ind2="1">
            <subfield code="s">Zweitsprachenerwerb</subfield>
            <subfield code="9">(DE-588)4071461-5</subfield>
          </datafield>
          <datafield tag="PSW" ind1="-" ind2="1">
            <subfield code="s">Fremdsprache</subfield>
            <subfield code="x">Sprachenlernen</subfield>
            <subfield code="9">(DE-588)4071461-5</subfield>
          </datafield>
          <datafield tag="PSW" ind1="-" ind2="1">
            <subfield code="s">Spracherwerb</subfield>
            <subfield code="x">Fremdsprache</subfield>
            <subfield code="9">(DE-588)4071461-5</subfield>
          </datafield>
          <datafield tag="PSW" ind1="-" ind2="1">
            <subfield code="s">Spracherwerb</subfield>
            <subfield code="x">Zweitsprache</subfield>
            <subfield code="9">(DE-588)4071461-5</subfield>
          </datafield>
          <datafield tag="PSW" ind1="-" ind2="1">
            <subfield code="s">Fremdsprache</subfield>
            <subfield code="x">Spracherlernung</subfield>
            <subfield code="9">(DE-588)4071461-5</subfield>
          </datafield>
          <datafield tag="PSW" ind1="-" ind2="1">
            <subfield code="s">Gesteuerter Zweitsprachenerwerb</subfield>
            <subfield code="9">(DE-588)4071461-5</subfield>
          </datafield>
          <datafield tag="PSW" ind1="-" ind2="1">
            <subfield code="s">Gesteuerter Fremdsprachenerwerb</subfield>
            <subfield code="9">(DE-588)4071461-5</subfield>
          </datafield>
          <datafield tag="PSW" ind1="-" ind2="1">
            <subfield code="s">Zweitspracherwerb</subfield>
            <subfield code="9">(DE-588)4071461-5</subfield>
          </datafield>
          <datafield tag="PSW" ind1="-" ind2="1">
            <subfield code="s">Fremdsprachenerwerb</subfield>
            <subfield code="9">(DE-588)4071461-5</subfield>
          </datafield>
          <datafield tag="PSW" ind1="-" ind2="1">
            <subfield code="s">Fremdspracherwerb</subfield>
            <subfield code="9">(DE-588)4071461-5</subfield>
          </datafield>
          <datafield tag="PSW" ind1="-" ind2="1">
            <subfield code="s">Sekundärer Spracherwerb</subfield>
            <subfield code="9">(DE-588)4071461-5</subfield>
          </datafield>
          <datafield tag="PSW" ind1="-" ind2="1">
            <subfield code="s">Zweitsprachenerwerb</subfield>
            <subfield code="9">(DE-588)4071461-5</subfield>
          </datafield>
          <datafield tag="PSW" ind1="-" ind2="1">
            <subfield code="s">Fremdsprache</subfield>
            <subfield code="x">Unterricht</subfield>
            <subfield code="9">(DE-588)4018428-6</subfield>
          </datafield>
          <datafield tag="PSW" ind1="-" ind2="1">
            <subfield code="s">Fremdsprachendidaktik</subfield>
            <subfield code="9">(DE-588)4018428-6</subfield>
          </datafield>
          <datafield tag="PSW" ind1="-" ind2="1">
            <subfield code="s">Fremdsprachlicher Unterricht</subfield>
            <subfield code="9">(DE-588)4018428-6</subfield>
          </datafield>
          <datafield tag="PSW" ind1="-" ind2="1">
            <subfield code="s">Fremdsprachenlernen</subfield>
            <subfield code="x">Unterricht</subfield>
            <subfield code="9">(DE-588)4018428-6</subfield>
          </datafield>
          <datafield tag="PSW" ind1="-" ind2="1">
            <subfield code="s">Fortbildung</subfield>
            <subfield code="9">(DE-588)4117622-4</subfield>
          </datafield>
          <datafield tag="PSW" ind1="-" ind2="1">
            <subfield code="s">Fortbildung</subfield>
            <subfield code="9">(DE-588)4117622-4</subfield>
          </datafield>
          <datafield tag="PKO" ind1="-" ind2="1">
            <subfield code="k">Deutsches Institut für Erwachsenenbildung e.V.</subfield>
            <subfield code="9">(DE-588)16176906-8</subfield>
          </datafield>
          <datafield tag="PKO" ind1="-" ind2="1">
            <subfield code="k">Institut für Erwachsenenbildung</subfield>
            <subfield code="h">Deutschland</subfield>
            <subfield code="9">(DE-588)16176906-8</subfield>
          </datafield>
          <datafield tag="PKO" ind1="-" ind2="1">
            <subfield code="k">&lt;&lt;Das&gt;&gt; Deutsche Institut für Erwachsenenbildung</subfield>
            <subfield code="9">(DE-588)16176906-8</subfield>
          </datafield>
          <datafield tag="PKO" ind1="-" ind2="1">
            <subfield code="k">German Institute for Adult Education</subfield>
            <subfield code="9">(DE-588)16176906-8</subfield>
          </datafield>
          <datafield tag="PKO" ind1="-" ind2="1">
            <subfield code="k">Institute for Adult Education</subfield>
            <subfield code="h">Deutschland</subfield>
            <subfield code="9">(DE-588)16176906-8</subfield>
          </datafield>
          <datafield tag="PKO" ind1="-" ind2="1">
            <subfield code="k">Wissenschaftsgemeinschaft Gottfried Wilhelm Leibniz</subfield>
            <subfield code="b">Deutsches Institut für Erwachsenenbildung</subfield>
            <subfield code="9">(DE-588)16176906-8</subfield>
          </datafield>
          <datafield tag="PKO" ind1="-" ind2="1">
            <subfield code="k">Wissenschaftsgemeinschaft Gottfried Wilhelm Leibniz</subfield>
            <subfield code="b">German Institute for Adult Education</subfield>
            <subfield code="9">(DE-588)16176906-8</subfield>
          </datafield>
          <datafield tag="PKO" ind1="-" ind2="1">
            <subfield code="k">Wissenschaftsgemeinschaft Gottfried Wilhelm Leibniz</subfield>
            <subfield code="b">Institute for Adult Education</subfield>
            <subfield code="9">(DE-588)16176906-8</subfield>
          </datafield>
          <datafield tag="PKO" ind1="-" ind2="1">
            <subfield code="k">Leibniz-Zentrum für Lebenslanges Lernen</subfield>
            <subfield code="9">(DE-588)16176906-8</subfield>
          </datafield>
          <datafield tag="PKO" ind1="-" ind2="1">
            <subfield code="k">Wissenschaftsgemeinschaft Gottfried Wilhelm Leibniz</subfield>
            <subfield code="b">Leibniz-Zentrum für Lebenslanges Lernen</subfield>
            <subfield code="9">(DE-588)16176906-8</subfield>
          </datafield>
          <datafield tag="PKO" ind1="-" ind2="1">
            <subfield code="k">DIE</subfield>
            <subfield code="9">(DE-588)16176906-8</subfield>
          </datafield>
          <datafield tag="PKO" ind1="-" ind2="1">
            <subfield code="k">Deutsches Institut für Erwachsenenbildung - Leibniz-Zentrum für Lebenslanges Lernen e.V.</subfield>
            <subfield code="9">(DE-588)16176906-8</subfield>
          </datafield>
          <datafield tag="PKO" ind1="-" ind2="1">
            <subfield code="k">Deutsches Institut für Erwachsenenbildung - Leibniz-Zentrum für Lebenslanges Lernen</subfield>
            <subfield code="9">(DE-588)16176906-8</subfield>
          </datafield>
          <datafield tag="PKO" ind1="-" ind2="1">
            <subfield code="k">Wissenschaftsgemeinschaft Gottfried Wilhelm Leibniz</subfield>
            <subfield code="b">&lt;&lt;Das&gt;&gt; Deutsche Institut für Erwachsenenbildung</subfield>
            <subfield code="9">(DE-588)16176906-8</subfield>
          </datafield>
          <datafield tag="PKO" ind1="-" ind2="1">
            <subfield code="k">Deutsches Institut für Erwachsenenbildung e.V.</subfield>
            <subfield code="9">(DE-588)16176906-8</subfield>
          </datafield>
          <datafield tag="PKO" ind1="-" ind2="1">
            <subfield code="k">Institut für Erwachsenenbildung</subfield>
            <subfield code="h">Deutschland</subfield>
            <subfield code="9">(DE-588)16176906-8</subfield>
          </datafield>
          <datafield tag="PKO" ind1="-" ind2="1">
            <subfield code="k">&lt;&lt;Das&gt;&gt; Deutsche Institut für Erwachsenenbildung</subfield>
            <subfield code="9">(DE-588)16176906-8</subfield>
          </datafield>
          <datafield tag="PKO" ind1="-" ind2="1">
            <subfield code="k">German Institute for Adult Education</subfield>
            <subfield code="9">(DE-588)16176906-8</subfield>
          </datafield>
          <datafield tag="PKO" ind1="-" ind2="1">
            <subfield code="k">Institute for Adult Education</subfield>
            <subfield code="h">Deutschland</subfield>
            <subfield code="9">(DE-588)16176906-8</subfield>
          </datafield>
          <datafield tag="PKO" ind1="-" ind2="1">
            <subfield code="k">Wissenschaftsgemeinschaft Gottfried Wilhelm Leibniz</subfield>
            <subfield code="b">Deutsches Institut für Erwachsenenbildung</subfield>
            <subfield code="9">(DE-588)16176906-8</subfield>
          </datafield>
          <datafield tag="PKO" ind1="-" ind2="1">
            <subfield code="k">Wissenschaftsgemeinschaft Gottfried Wilhelm Leibniz</subfield>
            <subfield code="b">German Institute for Adult Education</subfield>
            <subfield code="9">(DE-588)16176906-8</subfield>
          </datafield>
          <datafield tag="PKO" ind1="-" ind2="1">
            <subfield code="k">Wissenschaftsgemeinschaft Gottfried Wilhelm Leibniz</subfield>
            <subfield code="b">Institute for Adult Education</subfield>
            <subfield code="9">(DE-588)16176906-8</subfield>
          </datafield>
          <datafield tag="PKO" ind1="-" ind2="1">
            <subfield code="k">Leibniz-Zentrum für Lebenslanges Lernen</subfield>
            <subfield code="9">(DE-588)16176906-8</subfield>
          </datafield>
          <datafield tag="PKO" ind1="-" ind2="1">
            <subfield code="k">Wissenschaftsgemeinschaft Gottfried Wilhelm Leibniz</subfield>
            <subfield code="b">Leibniz-Zentrum für Lebenslanges Lernen</subfield>
            <subfield code="9">(DE-588)16176906-8</subfield>
          </datafield>
          <datafield tag="PKO" ind1="-" ind2="1">
            <subfield code="k">DIE</subfield>
            <subfield code="9">(DE-588)16176906-8</subfield>
          </datafield>
          <datafield tag="PKO" ind1="-" ind2="1">
            <subfield code="k">Deutsches Institut für Erwachsenenbildung - Leibniz-Zentrum für Lebenslanges Lernen e.V.</subfield>
            <subfield code="9">(DE-588)16176906-8</subfield>
          </datafield>
          <datafield tag="PKO" ind1="-" ind2="1">
            <subfield code="k">Deutsches Institut für Erwachsenenbildung - Leibniz-Zentrum für Lebenslanges Lernen</subfield>
            <subfield code="9">(DE-588)16176906-8</subfield>
          </datafield>
          <datafield tag="PKO" ind1="-" ind2="1">
            <subfield code="k">Wissenschaftsgemeinschaft Gottfried Wilhelm Leibniz</subfield>
            <subfield code="b">&lt;&lt;Das&gt;&gt; Deutsche Institut für Erwachsenenbildung</subfield>
            <subfield code="9">(DE-588)16176906-8</subfield>
          </datafield>
          <datafield tag="PKO" ind1="-" ind2="1">
            <subfield code="k">Deutsches Institut für Erwachsenenbildung e.V.</subfield>
            <subfield code="9">(DE-588)16176906-8</subfield>
          </datafield>
          <datafield tag="PKO" ind1="-" ind2="1">
            <subfield code="k">Institut für Erwachsenenbildung</subfield>
            <subfield code="h">Deutschland</subfield>
            <subfield code="9">(DE-588)16176906-8</subfield>
          </datafield>
          <datafield tag="PKO" ind1="-" ind2="1">
            <subfield code="k">&lt;&lt;Das&gt;&gt; Deutsche Institut für Erwachsenenbildung</subfield>
            <subfield code="9">(DE-588)16176906-8</subfield>
          </datafield>
          <datafield tag="PKO" ind1="-" ind2="1">
            <subfield code="k">German Institute for Adult Education</subfield>
            <subfield code="9">(DE-588)16176906-8</subfield>
          </datafield>
          <datafield tag="PKO" ind1="-" ind2="1">
            <subfield code="k">Institute for Adult Education</subfield>
            <subfield code="h">Deutschland</subfield>
            <subfield code="9">(DE-588)16176906-8</subfield>
          </datafield>
          <datafield tag="PKO" ind1="-" ind2="1">
            <subfield code="k">Wissenschaftsgemeinschaft Gottfried Wilhelm Leibniz</subfield>
            <subfield code="b">Deutsches Institut für Erwachsenenbildung</subfield>
            <subfield code="9">(DE-588)16176906-8</subfield>
          </datafield>
          <datafield tag="PKO" ind1="-" ind2="1">
            <subfield code="k">Wissenschaftsgemeinschaft Gottfried Wilhelm Leibniz</subfield>
            <subfield code="b">German Institute for Adult Education</subfield>
            <subfield code="9">(DE-588)16176906-8</subfield>
          </datafield>
          <datafield tag="PKO" ind1="-" ind2="1">
            <subfield code="k">Wissenschaftsgemeinschaft Gottfried Wilhelm Leibniz</subfield>
            <subfield code="b">Institute for Adult Education</subfield>
            <subfield code="9">(DE-588)16176906-8</subfield>
          </datafield>
          <datafield tag="PKO" ind1="-" ind2="1">
            <subfield code="k">Leibniz-Zentrum für Lebenslanges Lernen</subfield>
            <subfield code="9">(DE-588)16176906-8</subfield>
          </datafield>
          <datafield tag="PKO" ind1="-" ind2="1">
            <subfield code="k">Wissenschaftsgemeinschaft Gottfried Wilhelm Leibniz</subfield>
            <subfield code="b">Leibniz-Zentrum für Lebenslanges Lernen</subfield>
            <subfield code="9">(DE-588)16176906-8</subfield>
          </datafield>
          <datafield tag="PKO" ind1="-" ind2="1">
            <subfield code="k">DIE</subfield>
            <subfield code="9">(DE-588)16176906-8</subfield>
          </datafield>
          <datafield tag="PKO" ind1="-" ind2="1">
            <subfield code="k">Deutsches Institut für Erwachsenenbildung - Leibniz-Zentrum für Lebenslanges Lernen e.V.</subfield>
            <subfield code="9">(DE-588)16176906-8</subfield>
          </datafield>
          <datafield tag="PKO" ind1="-" ind2="1">
            <subfield code="k">Deutsches Institut für Erwachsenenbildung - Leibniz-Zentrum für Lebenslanges Lernen</subfield>
            <subfield code="9">(DE-588)16176906-8</subfield>
          </datafield>
          <datafield tag="PKO" ind1="-" ind2="1">
            <subfield code="k">Wissenschaftsgemeinschaft Gottfried Wilhelm Leibniz</subfield>
            <subfield code="b">&lt;&lt;Das&gt;&gt; Deutsche Institut für Erwachsenenbildung</subfield>
            <subfield code="9">(DE-588)16176906-8</subfield>
          </datafield>
          <datafield tag="PKO" ind1="-" ind2="1">
            <subfield code="k">Deutsches Institut für Erwachsenenbildung e.V.</subfield>
            <subfield code="9">(DE-588)16176906-8</subfield>
          </datafield>
          <datafield tag="PKO" ind1="-" ind2="1">
            <subfield code="k">Institut für Erwachsenenbildung</subfield>
            <subfield code="h">Deutschland</subfield>
            <subfield code="9">(DE-588)16176906-8</subfield>
          </datafield>
          <datafield tag="PKO" ind1="-" ind2="1">
            <subfield code="k">&lt;&lt;Das&gt;&gt; Deutsche Institut für Erwachsenenbildung</subfield>
            <subfield code="9">(DE-588)16176906-8</subfield>
          </datafield>
          <datafield tag="PKO" ind1="-" ind2="1">
            <subfield code="k">German Institute for Adult Education</subfield>
            <subfield code="9">(DE-588)16176906-8</subfield>
          </datafield>
          <datafield tag="PKO" ind1="-" ind2="1">
            <subfield code="k">Institute for Adult Education</subfield>
            <subfield code="h">Deutschland</subfield>
            <subfield code="9">(DE-588)16176906-8</subfield>
          </datafield>
          <datafield tag="PKO" ind1="-" ind2="1">
            <subfield code="k">Wissenschaftsgemeinschaft Gottfried Wilhelm Leibniz</subfield>
            <subfield code="b">Deutsches Institut für Erwachsenenbildung</subfield>
            <subfield code="9">(DE-588)16176906-8</subfield>
          </datafield>
          <datafield tag="PKO" ind1="-" ind2="1">
            <subfield code="k">Wissenschaftsgemeinschaft Gottfried Wilhelm Leibniz</subfield>
            <subfield code="b">German Institute for Adult Education</subfield>
            <subfield code="9">(DE-588)16176906-8</subfield>
          </datafield>
          <datafield tag="PKO" ind1="-" ind2="1">
            <subfield code="k">Wissenschaftsgemeinschaft Gottfried Wilhelm Leibniz</subfield>
            <subfield code="b">Institute for Adult Education</subfield>
            <subfield code="9">(DE-588)16176906-8</subfield>
          </datafield>
          <datafield tag="PKO" ind1="-" ind2="1">
            <subfield code="k">Leibniz-Zentrum für Lebenslanges Lernen</subfield>
            <subfield code="9">(DE-588)16176906-8</subfield>
          </datafield>
          <datafield tag="PKO" ind1="-" ind2="1">
            <subfield code="k">Wissenschaftsgemeinschaft Gottfried Wilhelm Leibniz</subfield>
            <subfield code="b">Leibniz-Zentrum für Lebenslanges Lernen</subfield>
            <subfield code="9">(DE-588)16176906-8</subfield>
          </datafield>
          <datafield tag="PKO" ind1="-" ind2="1">
            <subfield code="k">DIE</subfield>
            <subfield code="9">(DE-588)16176906-8</subfield>
          </datafield>
          <datafield tag="PKO" ind1="-" ind2="1">
            <subfield code="k">Deutsches Institut für Erwachsenenbildung - Leibniz-Zentrum für Lebenslanges Lernen e.V.</subfield>
            <subfield code="9">(DE-588)16176906-8</subfield>
          </datafield>
          <datafield tag="PKO" ind1="-" ind2="1">
            <subfield code="k">Deutsches Institut für Erwachsenenbildung - Leibniz-Zentrum für Lebenslanges Lernen</subfield>
            <subfield code="9">(DE-588)16176906-8</subfield>
          </datafield>
          <datafield tag="PKO" ind1="-" ind2="1">
            <subfield code="k">Wissenschaftsgemeinschaft Gottfried Wilhelm Leibniz</subfield>
            <subfield code="b">&lt;&lt;Das&gt;&gt; Deutsche Institut für Erwachsenenbildung</subfield>
            <subfield code="9">(DE-588)16176906-8</subfield>
          </datafield>
          <datafield tag="PKO" ind1="-" ind2="1">
            <subfield code="k">Deutsches Institut für Erwachsenenbildung e.V.</subfield>
            <subfield code="9">(DE-588)16176906-8</subfield>
          </datafield>
          <datafield tag="PKO" ind1="-" ind2="1">
            <subfield code="k">Institut für Erwachsenenbildung</subfield>
            <subfield code="h">Deutschland</subfield>
            <subfield code="9">(DE-588)16176906-8</subfield>
          </datafield>
          <datafield tag="PKO" ind1="-" ind2="1">
            <subfield code="k">&lt;&lt;Das&gt;&gt; Deutsche Institut für Erwachsenenbildung</subfield>
            <subfield code="9">(DE-588)16176906-8</subfield>
          </datafield>
          <datafield tag="PKO" ind1="-" ind2="1">
            <subfield code="k">German Institute for Adult Education</subfield>
            <subfield code="9">(DE-588)16176906-8</subfield>
          </datafield>
          <datafield tag="PKO" ind1="-" ind2="1">
            <subfield code="k">Institute for Adult Education</subfield>
            <subfield code="h">Deutschland</subfield>
            <subfield code="9">(DE-588)16176906-8</subfield>
          </datafield>
          <datafield tag="PKO" ind1="-" ind2="1">
            <subfield code="k">Wissenschaftsgemeinschaft Gottfried Wilhelm Leibniz</subfield>
            <subfield code="b">Deutsches Institut für Erwachsenenbildung</subfield>
            <subfield code="9">(DE-588)16176906-8</subfield>
          </datafield>
          <datafield tag="PKO" ind1="-" ind2="1">
            <subfield code="k">Wissenschaftsgemeinschaft Gottfried Wilhelm Leibniz</subfield>
            <subfield code="b">German Institute for Adult Education</subfield>
            <subfield code="9">(DE-588)16176906-8</subfield>
          </datafield>
          <datafield tag="PKO" ind1="-" ind2="1">
            <subfield code="k">Wissenschaftsgemeinschaft Gottfried Wilhelm Leibniz</subfield>
            <subfield code="b">Institute for Adult Education</subfield>
            <subfield code="9">(DE-588)16176906-8</subfield>
          </datafield>
          <datafield tag="PKO" ind1="-" ind2="1">
            <subfield code="k">Leibniz-Zentrum für Lebenslanges Lernen</subfield>
            <subfield code="9">(DE-588)16176906-8</subfield>
          </datafield>
          <datafield tag="PKO" ind1="-" ind2="1">
            <subfield code="k">Wissenschaftsgemeinschaft Gottfried Wilhelm Leibniz</subfield>
            <subfield code="b">Leibniz-Zentrum für Lebenslanges Lernen</subfield>
            <subfield code="9">(DE-588)16176906-8</subfield>
          </datafield>
          <datafield tag="PKO" ind1="-" ind2="1">
            <subfield code="k">DIE</subfield>
            <subfield code="9">(DE-588)16176906-8</subfield>
          </datafield>
          <datafield tag="PKO" ind1="-" ind2="1">
            <subfield code="k">Deutsches Institut für Erwachsenenbildung - Leibniz-Zentrum für Lebenslanges Lernen e.V.</subfield>
            <subfield code="9">(DE-588)16176906-8</subfield>
          </datafield>
          <datafield tag="PKO" ind1="-" ind2="1">
            <subfield code="k">Deutsches Institut für Erwachsenenbildung - Leibniz-Zentrum für Lebenslanges Lernen</subfield>
            <subfield code="9">(DE-588)16176906-8</subfield>
          </datafield>
          <datafield tag="PKO" ind1="-" ind2="1">
            <subfield code="k">Wissenschaftsgemeinschaft Gottfried Wilhelm Leibniz</subfield>
            <subfield code="b">&lt;&lt;Das&gt;&gt; Deutsche Institut für Erwachsenenbildung</subfield>
            <subfield code="9">(DE-588)16176906-8</subfield>
          </datafield>
          <datafield tag="PKO" ind1="-" ind2="1">
            <subfield code="k">Deutsches Institut für Erwachsenenbildung e.V.</subfield>
            <subfield code="9">(DE-588)16176906-8</subfield>
          </datafield>
          <datafield tag="PKO" ind1="-" ind2="1">
            <subfield code="k">Institut für Erwachsenenbildung</subfield>
            <subfield code="h">Deutschland</subfield>
            <subfield code="9">(DE-588)16176906-8</subfield>
          </datafield>
          <datafield tag="PKO" ind1="-" ind2="1">
            <subfield code="k">&lt;&lt;Das&gt;&gt; Deutsche Institut für Erwachsenenbildung</subfield>
            <subfield code="9">(DE-588)16176906-8</subfield>
          </datafield>
          <datafield tag="PKO" ind1="-" ind2="1">
            <subfield code="k">German Institute for Adult Education</subfield>
            <subfield code="9">(DE-588)16176906-8</subfield>
          </datafield>
          <datafield tag="PKO" ind1="-" ind2="1">
            <subfield code="k">Institute for Adult Education</subfield>
            <subfield code="h">Deutschland</subfield>
            <subfield code="9">(DE-588)16176906-8</subfield>
          </datafield>
          <datafield tag="PKO" ind1="-" ind2="1">
            <subfield code="k">Wissenschaftsgemeinschaft Gottfried Wilhelm Leibniz</subfield>
            <subfield code="b">Deutsches Institut für Erwachsenenbildung</subfield>
            <subfield code="9">(DE-588)16176906-8</subfield>
          </datafield>
          <datafield tag="PKO" ind1="-" ind2="1">
            <subfield code="k">Wissenschaftsgemeinschaft Gottfried Wilhelm Leibniz</subfield>
            <subfield code="b">German Institute for Adult Education</subfield>
            <subfield code="9">(DE-588)16176906-8</subfield>
          </datafield>
          <datafield tag="PKO" ind1="-" ind2="1">
            <subfield code="k">Wissenschaftsgemeinschaft Gottfried Wilhelm Leibniz</subfield>
            <subfield code="b">Institute for Adult Education</subfield>
            <subfield code="9">(DE-588)16176906-8</subfield>
          </datafield>
          <datafield tag="PKO" ind1="-" ind2="1">
            <subfield code="k">Leibniz-Zentrum für Lebenslanges Lernen</subfield>
            <subfield code="9">(DE-588)16176906-8</subfield>
          </datafield>
          <datafield tag="PKO" ind1="-" ind2="1">
            <subfield code="k">Wissenschaftsgemeinschaft Gottfried Wilhelm Leibniz</subfield>
            <subfield code="b">Leibniz-Zentrum für Lebenslanges Lernen</subfield>
            <subfield code="9">(DE-588)16176906-8</subfield>
          </datafield>
          <datafield tag="PKO" ind1="-" ind2="1">
            <subfield code="k">DIE</subfield>
            <subfield code="9">(DE-588)16176906-8</subfield>
          </datafield>
          <datafield tag="PKO" ind1="-" ind2="1">
            <subfield code="k">Deutsches Institut für Erwachsenenbildung - Leibniz-Zentrum für Lebenslanges Lernen e.V.</subfield>
            <subfield code="9">(DE-588)16176906-8</subfield>
          </datafield>
          <datafield tag="PKO" ind1="-" ind2="1">
            <subfield code="k">Deutsches Institut für Erwachsenenbildung - Leibniz-Zentrum für Lebenslanges Lernen</subfield>
            <subfield code="9">(DE-588)16176906-8</subfield>
          </datafield>
          <datafield tag="PKO" ind1="-" ind2="1">
            <subfield code="k">Wissenschaftsgemeinschaft Gottfried Wilhelm Leibniz</subfield>
            <subfield code="b">&lt;&lt;Das&gt;&gt; Deutsche Institut für Erwachsenenbildung</subfield>
            <subfield code="9">(DE-588)16176906-8</subfield>
          </datafield>
          <datafield tag="PKO" ind1="-" ind2="1">
            <subfield code="k">Deutsches Institut für Erwachsenenbildung e.V.</subfield>
            <subfield code="9">(DE-588)16176906-8</subfield>
          </datafield>
          <datafield tag="PKO" ind1="-" ind2="1">
            <subfield code="k">Institut für Erwachsenenbildung</subfield>
            <subfield code="h">Deutschland</subfield>
            <subfield code="9">(DE-588)16176906-8</subfield>
          </datafield>
          <datafield tag="PKO" ind1="-" ind2="1">
            <subfield code="k">&lt;&lt;Das&gt;&gt; Deutsche Institut für Erwachsenenbildung</subfield>
            <subfield code="9">(DE-588)16176906-8</subfield>
          </datafield>
          <datafield tag="PKO" ind1="-" ind2="1">
            <subfield code="k">German Institute for Adult Education</subfield>
            <subfield code="9">(DE-588)16176906-8</subfield>
          </datafield>
          <datafield tag="PKO" ind1="-" ind2="1">
            <subfield code="k">Institute for Adult Education</subfield>
            <subfield code="h">Deutschland</subfield>
            <subfield code="9">(DE-588)16176906-8</subfield>
          </datafield>
          <datafield tag="PKO" ind1="-" ind2="1">
            <subfield code="k">Wissenschaftsgemeinschaft Gottfried Wilhelm Leibniz</subfield>
            <subfield code="b">Deutsches Institut für Erwachsenenbildung</subfield>
            <subfield code="9">(DE-588)16176906-8</subfield>
          </datafield>
          <datafield tag="PKO" ind1="-" ind2="1">
            <subfield code="k">Wissenschaftsgemeinschaft Gottfried Wilhelm Leibniz</subfield>
            <subfield code="b">German Institute for Adult Education</subfield>
            <subfield code="9">(DE-588)16176906-8</subfield>
          </datafield>
          <datafield tag="PKO" ind1="-" ind2="1">
            <subfield code="k">Wissenschaftsgemeinschaft Gottfried Wilhelm Leibniz</subfield>
            <subfield code="b">Institute for Adult Education</subfield>
            <subfield code="9">(DE-588)16176906-8</subfield>
          </datafield>
          <datafield tag="PKO" ind1="-" ind2="1">
            <subfield code="k">Leibniz-Zentrum für Lebenslanges Lernen</subfield>
            <subfield code="9">(DE-588)16176906-8</subfield>
          </datafield>
          <datafield tag="PKO" ind1="-" ind2="1">
            <subfield code="k">Wissenschaftsgemeinschaft Gottfried Wilhelm Leibniz</subfield>
            <subfield code="b">Leibniz-Zentrum für Lebenslanges Lernen</subfield>
            <subfield code="9">(DE-588)16176906-8</subfield>
          </datafield>
          <datafield tag="PKO" ind1="-" ind2="1">
            <subfield code="k">DIE</subfield>
            <subfield code="9">(DE-588)16176906-8</subfield>
          </datafield>
          <datafield tag="PKO" ind1="-" ind2="1">
            <subfield code="k">Deutsches Institut für Erwachsenenbildung - Leibniz-Zentrum für Lebenslanges Lernen e.V.</subfield>
            <subfield code="9">(DE-588)16176906-8</subfield>
          </datafield>
          <datafield tag="PKO" ind1="-" ind2="1">
            <subfield code="k">Deutsches Institut für Erwachsenenbildung - Leibniz-Zentrum für Lebenslanges Lernen</subfield>
            <subfield code="9">(DE-588)16176906-8</subfield>
          </datafield>
          <datafield tag="PKO" ind1="-" ind2="1">
            <subfield code="k">Wissenschaftsgemeinschaft Gottfried Wilhelm Leibniz</subfield>
            <subfield code="b">&lt;&lt;Das&gt;&gt; Deutsche Institut für Erwachsenenbildung</subfield>
            <subfield code="9">(DE-588)16176906-8</subfield>
          </datafield>
          <datafield tag="PSW" ind1="-" ind2="1">
            <subfield code="s">Fremdsprache</subfield>
            <subfield code="x">Unterricht</subfield>
            <subfield code="9">(DE-588)4018428-6</subfield>
          </datafield>
          <datafield tag="PSW" ind1="-" ind2="1">
            <subfield code="s">Fremdsprachendidaktik</subfield>
            <subfield code="9">(DE-588)4018428-6</subfield>
          </datafield>
          <datafield tag="PSW" ind1="-" ind2="1">
            <subfield code="s">Fremdsprachlicher Unterricht</subfield>
            <subfield code="9">(DE-588)4018428-6</subfield>
          </datafield>
          <datafield tag="PSW" ind1="-" ind2="1">
            <subfield code="s">Fremdsprachenlernen</subfield>
            <subfield code="x">Unterricht</subfield>
            <subfield code="9">(DE-588)4018428-6</subfield>
          </datafield>
          <datafield tag="PSW" ind1="-" ind2="1">
            <subfield code="s">Fortbildung</subfield>
            <subfield code="9">(DE-588)4117622-4</subfield>
          </datafield>
          <datafield tag="PSW" ind1="-" ind2="1">
            <subfield code="s">Fortbildung</subfield>
            <subfield code="9">(DE-588)4117622-4</subfield>
          </datafield>
          <datafield tag="PSW" ind1="-" ind2="1">
            <subfield code="s">Fremdsprache</subfield>
            <subfield code="x">Sprachenlernen</subfield>
            <subfield code="9">(DE-588)4071461-5</subfield>
          </datafield>
          <datafield tag="PSW" ind1="-" ind2="1">
            <subfield code="s">Spracherwerb</subfield>
            <subfield code="x">Fremdsprache</subfield>
            <subfield code="9">(DE-588)4071461-5</subfield>
          </datafield>
          <datafield tag="PSW" ind1="-" ind2="1">
            <subfield code="s">Spracherwerb</subfield>
            <subfield code="x">Zweitsprache</subfield>
            <subfield code="9">(DE-588)4071461-5</subfield>
          </datafield>
          <datafield tag="PSW" ind1="-" ind2="1">
            <subfield code="s">Fremdsprache</subfield>
            <subfield code="x">Spracherlernung</subfield>
            <subfield code="9">(DE-588)4071461-5</subfield>
          </datafield>
          <datafield tag="PSW" ind1="-" ind2="1">
            <subfield code="s">Gesteuerter Zweitsprachenerwerb</subfield>
            <subfield code="9">(DE-588)4071461-5</subfield>
          </datafield>
          <datafield tag="PSW" ind1="-" ind2="1">
            <subfield code="s">Gesteuerter Fremdsprachenerwerb</subfield>
            <subfield code="9">(DE-588)4071461-5</subfield>
          </datafield>
          <datafield tag="PSW" ind1="-" ind2="1">
            <subfield code="s">Zweitspracherwerb</subfield>
            <subfield code="9">(DE-588)4071461-5</subfield>
          </datafield>
          <datafield tag="PSW" ind1="-" ind2="1">
            <subfield code="s">Fremdsprachenerwerb</subfield>
            <subfield code="9">(DE-588)4071461-5</subfield>
          </datafield>
          <datafield tag="PSW" ind1="-" ind2="1">
            <subfield code="s">Fremdspracherwerb</subfield>
            <subfield code="9">(DE-588)4071461-5</subfield>
          </datafield>
          <datafield tag="PSW" ind1="-" ind2="1">
            <subfield code="s">Sekundärer Spracherwerb</subfield>
            <subfield code="9">(DE-588)4071461-5</subfield>
          </datafield>
          <datafield tag="PSW" ind1="-" ind2="1">
            <subfield code="s">Zweitsprachenerwerb</subfield>
            <subfield code="9">(DE-588)4071461-5</subfield>
          </datafield>
          <datafield tag="700" ind1=" " ind2=" ">
            <subfield code="a">IEV</subfield>
          </datafield>
          <datafield tag="700" ind1=" " ind2=" ">
            <subfield code="a">BFS</subfield>
          </datafield>
          <datafield tag="OWN" ind1=" " ind2=" ">
            <subfield code="a">P0001</subfield>
            <subfield code="n">466</subfield>
          </datafield>
          <datafield tag="655" ind1=" " ind2=" ">
            <subfield code="y">Neue Sprachen lehren und lernen</subfield>
            <subfield code="t">VIEW</subfield>
            <subfield code="u">http://digitool.hbz-nrw.de:1801/webclient/DeliveryManager?pid=6519953&amp;custom_att_2=simple_viewer</subfield>
          </datafield>
          <datafield tag="TXT" ind1=" " ind2=" ">
            <subfield code="a">TITEL: NEUE SPRACHEN LEHREN UND LERNEN AUTOR: QUETZ, JUERGEN JAHR: 2002 INHALT VORBEMERKUNGEN...................................................................................5 JUERGEN QUETZ/GERHARD VON DER HANDT EINFUEHRUNG..............................................................................................................7 1. GERHARD VON DER HANDT LERNENDE, LEHRENDE UND INSTITUTIONEN.......................................................9 1.1 WER LERNT SPRACHEN - UND WARUM?................................................10 1.2 DIE ARBEITSSITUATION DER LEHRENDEN...............................................15 1.3 DIE INSTITUTION ALS GARANT VON QUALITAET UND MOTOR DIDAKTISCHER INNOVATION...................................................................16 1.4 KURSE IM WANDEL: NEUE MEDIEN - NEUE LERNFORMEN..................20 1.5 FAZIT......................................................................................................26 2. JUERGEN QUETZ LERNZIELE UND INHALTE...................................................................................30 2.1 CURRICULA IM WANDEL.........................................................................30 • 2.2 LANDESKUNDE UND INTERKULTURELLES LERNEN....................................41 2.3 FIKTIONALE TEXTE UND SPIELFILME......................................................46 2.4 BERUFSBEZOGENE KOMPONENTEN.......................................................46 2.5 UNTERSCHIEDLICHE LERNZIELE FUER EINZELNE LERNENDE?...................47 3. CLAUDIA RIEMER WIE LERNT MAN SPRACHEN?...........................................................................49 3.1 MUTTERSPRACHE, FREMDSPRACHE, ZWEITSPRACHE............................50 3.2 DER ERWERB DER ERSTSPRACHE (LI).....................................................54 3.3 DER ERWERB DER FREMD-/ZWEITSPRACHE (L2)...................................56 3.4 HYPOTHESEN ZUM L2-ERWERB.............................................................61</subfield>
          </datafield>
          <datafield tag="TXT" ind1=" " ind2=" ">
            <subfield code="a">3.5 INDIVIDUELLE UNTERSCHIEDE ZWISCHEN LERNENDEN.........................68 3.6 KONSEQUENZEN FUER DEN FREMDSPRACHENUNTERRICHT.......................81 4. KARIN KLEPPIN LERNEN ALS SOZIALER PROZESS.......................................................................83 4.1 SOZIALE KOMPONENTEN BEIM FREMDSPRACHENLERNEN....................83 4.2 SOZIAL-KOOPERATIV ORIENTIERTE LERNZIELE BEIM FREMDSPRACHENLERNEN....................................................................... 87 4.3 ZUR FOERDERUNG VON LERNEN ALS SOZIALEM PROZESS.........................88 4.4 LERNEN IN AUTHENTISCHER KOMUNIKATION MIT EINEM LERNPARTNER - LERNEN IM TANDEM UND ETANDEM...........................99 5. EVA BURWITZ-MELZER/JUERGEN QUETZ METHODEN FUER DEN FREMDSPRACHENUNTERRICHT MIT ERWACHSENEN.......102 5.1 STUNDENPLANUNG...............................................................................102 5.2 LEHR- UND LERNMATERIAL................................................................... 104 5.3 AUFGABENSTELLUNGEN........................................................................114 5.4 METHODEN ZUR ENTWICKLUNG KOMMUNIKATIVER FERTIGKEITEN......116 5.4.1 SPRECHEN - INTERAKTION UND PRODUKTION......................................117 5.4.2 HOER- UND LESEVERSTEHEN..................................................................128 5.4.3 SCHREIBEN..........................................................................................134 5.5 METHODEN ZUR ENTWICKLUNG LINGUISTISCHER KOMPETENZEN........138 5.5.1 AUSSPRACHESCHULUNG UND HOERWAHRNEHMUNG.............................138 5.5.2 WORTSCHATZARBEIT.............................................................................144 5.5.3 GRAMMATIK.........................................................................................160 5.6 MEDIEN...............................................................................................169 5.7 FOERDERUNG DER LERNERAUTONOMIE, LERNSTRATEGIEN.......................179</subfield>
          </datafield>
          <datafield tag="TXT" ind1=" " ind2=" ">
            <subfield code="a">5.8 FAZIT....................................................................................................184 6. GERHARD VON DER HANDT SPRACHTESTS UND ZERTIFIKATE......................................................................187 6.1 FREMDEVALUATIVE TESTS.................................................................... 187 6.2 SELBSTEVALUATIVE TESTS....................................................................191 6.3 SPRACHENZERTIFIKATE.........................................................................193 7. SUSANNE DUXA AUS- UND FORTBILDUNG DER LEHRENDEN......................................................195 7.1 TAETIGKEITSMERKMALE VON FREMDSPRACHENLEHRENDEN IN DER ERWACHSENENBILDUNG....................................................................„195 7.2 PROFESSIONALITAET................................................................................197 7.3 AUS- UND FORTHIIDUNGSANGEBOTE VERSCHIEDENER VERANSTALTER...........................................„.......................................„201 7.4 ZIELE VON AUSBILDUNGSKONZEPTEN................................,................206 7.5 SELBSTGESTEUERTE INITIATIVEN DER LEHRENDEN ZUR FORTBILDUNG........................................................................................209 STICHWORTVERZEICHNIS....................................................................................... 212 LITERATUR..............................................................................................................217 AUTORINNEN UND AUTOREN................................................................................... 235</subfield>
          </datafield>
          <datafield tag="LOC" ind1=" " ind2=" ">
            <subfield code="m">BOOK</subfield>
            <subfield code="a">P0001</subfield>
            <subfield code="b">11</subfield>
            <subfield code="d">BFS8922</subfield>
            <subfield code="i">02/1536-7</subfield>
            <subfield code="n">20</subfield>
            <subfield code="k">20020724</subfield>
            <subfield code="5">802339-10</subfield>
          </datafield>
        </record>
      </metadata>
    </record>
  </ListRecords>
</OAI-PMH>
